@BOOK{mainTextbook,
	author = {Mitchel T. Keller, William T. Trotter},
	title = {Applied Combinatorics},
	year = {2017},
	edition = {2017 edition},
	isbn = {9781973702719},
	language = {eng},
	publisher = {Createspace Independent Publishing Platform},
	url = {https://rellek.net/book/app-comb.html}
}

@misc{XKCD_math_classification,
  title = {Unsolved Math Problems},
  howpublished = {\url{https://xkcd.com/2529/}},
  author = {Randall Munroe}
}

@MISC {dyck_path_stackexchange,
    TITLE = {Binomial coefficients $1/2\choose k$},
    AUTHOR = {Brian M. Scott (https://math.stackexchange.com/users/12042/brian-m-scott)},
    HOWPUBLISHED = {Mathematics Stack Exchange},
    NOTE = {URL:https://math.stackexchange.com/q/340141 (version: 2020-03-27)},
    EPRINT = {https://math.stackexchange.com/q/340141},
    YEAR = 2020,
    URL = {https://math.stackexchange.com/q/340141}
}
